<record><leader>00000cas a22000007i 4500</leader><controlfield tag="001">600273242</controlfield><controlfield tag="006">m     o  d        </controlfield><controlfield tag="007">cr |||||||||||</controlfield><controlfield tag="008">100405d18291834gauwr neo     0   a0eng d</controlfield><datafield ind1=" " ind2=" " tag="010"><subfield code="a">  2017218632</subfield></datafield><datafield ind1=" " ind2=" " tag="040"><subfield code="a">CUI</subfield><subfield code="b">eng</subfield><subfield code="c">CUI</subfield><subfield code="d">OCLCQ</subfield><subfield code="d">OCLCO</subfield><subfield code="d">OCLCF</subfield><subfield code="d">OCLCQ</subfield><subfield code="d">LVT</subfield><subfield code="d">DLC</subfield></datafield><datafield ind1="0" ind2=" " tag="022"><subfield code="a">2574-5735</subfield><subfield code="2">1</subfield></datafield><datafield ind1=" " ind2=" " tag="042"><subfield code="a">msc</subfield><subfield code="a">nsdp</subfield></datafield><datafield ind1=" " ind2=" " tag="043"><subfield code="a">n-us-ga</subfield></datafield><datafield ind1="1" ind2="0" tag="050"><subfield code="a">ISSN RECORD</subfield></datafield><datafield ind1=" " ind2="4" tag="050"><subfield code="a">AN</subfield></datafield><datafield ind1="1" ind2="0" tag="082"><subfield code="a">071</subfield><subfield code="2">23</subfield></datafield><datafield ind1=" " ind2="0" tag="222"><subfield code="a">Cherokee phoenix, and Indians' advocate</subfield><subfield code="b">(Online)</subfield></datafield><datafield ind1="0" ind2="0" tag="245"><subfield code="a">Cherokee phoenix, and Indians' advocate.</subfield></datafield><datafield ind1="1" ind2=" " tag="246"><subfield code="i">Published Nov. 6, 1830-Jan. 5, 1833 as:</subfield><subfield code="a">Cherokee phoenix, &amp; Indians' advocate</subfield></datafield><datafield ind1="1" ind2="3" tag="246"><subfield code="a">Cherokee phoenix</subfield></datafield><datafield ind1=" " ind2="1" tag="264"><subfield code="a">New Echota [Ga.] :</subfield><subfield code="b">Cherokee Nation</subfield></datafield><datafield ind1=" " ind2=" " tag="300"><subfield code="a">1 online resource</subfield></datafield><datafield ind1=" " ind2=" " tag="310"><subfield code="a">Weekly,</subfield><subfield code="b">May 24, 1834-May 31, 1834</subfield></datafield><datafield ind1=" " ind2=" " tag="321"><subfield code="a">Weekly,</subfield><subfield code="b">1829-May 3, 1834</subfield></datafield><datafield ind1=" " ind2=" " tag="321"><subfield code="a">Semiweekly,</subfield><subfield code="b">&lt;May 10 [i.e. 6]-17, 1834&gt;</subfield></datafield><datafield ind1=" " ind2=" " tag="336"><subfield code="a">text</subfield><subfield code="b">txt</subfield><subfield code="2">rdacontent</subfield></datafield><datafield ind1=" " ind2=" " tag="337"><subfield code="a">computer</subfield><subfield code="b">c</subfield><subfield code="2">rdamedia</subfield></datafield><datafield ind1=" " ind2=" " tag="338"><subfield code="a">online resource</subfield><subfield code="b">cr</subfield><subfield code="2">rdacarrier</subfield></datafield><datafield ind1="1" ind2=" " tag="362"><subfield code="a">Began with vol. I, no. 48 (February 11, 1829); ceased with vol. V, no. 52 (May 31, 1834).</subfield></datafield><datafield ind1=" " ind2=" " tag="500"><subfield code="a">Title in masthead also in Cherokee, Feb. 11, 1829-Jan. 5, 1833.</subfield></datafield><datafield ind1=" " ind2=" " tag="500"><subfield code="a">Printers: John F. Wheeler, Feb. 11, 1829-Feb. 19, 1831; John Candy, Mar. 5, 1831-&lt;Dec. 1, 1832&gt;; Carrington W. Hicks, &lt;Jan. 19-Apr. 20, 1833&gt;.</subfield></datafield><datafield ind1=" " ind2=" " tag="500"><subfield code="a">Editors: Elias Boudinott, Feb. 11, 1829-&lt;Aug. 11, 1832&gt;; Elijah Hicks, &lt;Sept. 8, 1832&gt;-May 31, 1834.</subfield></datafield><datafield ind1=" " ind2=" " tag="515"><subfield code="a">Suspended May 6-20, Oct. 7, 1829; May 11, 25-July 13, 1833. The publisher expressed his intention to publish weekly; however, due to "difficulties of obtaining printers," there were numerous suspensions.</subfield></datafield><datafield ind1=" " ind2=" " tag="515"><subfield code="a">Continues numbering of: Cherokee phoenix.</subfield></datafield><datafield ind1="8" ind2=" " tag="521"><subfield code="a">"Printed under the patronage, and for the benefit of the Cherokee Nation, and devoted to the cause of Indians."</subfield></datafield><datafield ind1=" " ind2=" " tag="546"><subfield code="a">In English and Cherokee.</subfield></datafield><datafield ind1=" " ind2=" " tag="588"><subfield code="a">Description based on: Vol. I, no. 51 (March 4, 1829); title from masthead (Chroniclingamerica.loc.gov, viewed August 30, 2017).</subfield></datafield><datafield ind1=" " ind2=" " tag="588"><subfield code="a">Latest issue consulted: Vol. V, no. 34 (October 19, 1833) (Chroniclingamerica.loc.gov, viewed August 30, 2017).</subfield></datafield><datafield ind1=" " ind2="0" tag="650"><subfield code="a">Cherokee Indians</subfield><subfield code="z">Georgia</subfield><subfield code="v">Newspapers.</subfield></datafield><datafield ind1=" " ind2="0" tag="650"><subfield code="a">Indians of North America</subfield><subfield code="z">Georgia</subfield><subfield code="v">Newspapers.</subfield></datafield><datafield ind1=" " ind2="0" tag="651"><subfield code="a">Gordon County (Ga.)</subfield><subfield code="v">Newspapers.</subfield></datafield><datafield ind1=" " ind2="7" tag="650"><subfield code="a">Cherokee Indians.</subfield><subfield code="2">fast</subfield><subfield code="0">(OCoLC)fst00853662</subfield></datafield><datafield ind1=" " ind2="7" tag="650"><subfield code="a">Indians of North America.</subfield><subfield code="2">fast</subfield><subfield code="0">(OCoLC)fst00969633</subfield></datafield><datafield ind1=" " ind2="7" tag="651"><subfield code="a">Georgia.</subfield><subfield code="2">fast</subfield><subfield code="0">(OCoLC)fst01204622</subfield></datafield><datafield ind1=" " ind2="7" tag="651"><subfield code="a">Georgia</subfield><subfield code="z">Gordon County.</subfield><subfield code="2">fast</subfield><subfield code="0">(OCoLC)fst01211769</subfield></datafield><datafield ind1=" " ind2="7" tag="655"><subfield code="a">Newspapers.</subfield><subfield code="2">fast</subfield><subfield code="0">(OCoLC)fst01423814</subfield></datafield><datafield ind1="1" ind2=" " tag="700"><subfield code="a">Boudinot, Elias,</subfield><subfield code="d">-1839.</subfield></datafield><datafield ind1=" " ind2=" " tag="752"><subfield code="a">United States</subfield><subfield code="b">Georgia</subfield><subfield code="c">Gordon</subfield><subfield code="d">Echota.</subfield></datafield><datafield ind1="0" ind2="8" tag="776"><subfield code="i">Originally issued in print:</subfield><subfield code="t">Cherokee phoenix, and Indians' advocate</subfield><subfield code="x">2574-5727</subfield><subfield code="w">(DLC)sn 83020874</subfield><subfield code="w">(OCoLC)9608318</subfield></datafield><datafield ind1="0" ind2="0" tag="780"><subfield code="t">Cherokee Phoenix (New Echota, Ga.)</subfield><subfield code="x">2574-5719</subfield><subfield code="w">(DLC)  2017218631</subfield><subfield code="w">(OCoLC)192107214</subfield></datafield><datafield ind1="4" ind2=" " tag="856"><subfield code="u">http://gale.cengage.com/usnewspapers/</subfield><subfield code="z">Available to subscribing institutions</subfield></datafield><datafield ind1="4" ind2="0" tag="856"><subfield code="u">http://find.galegroup.com/openurl/openurl?url_ver=Z39.88-2004&amp;url_ctx_fmt=info%3Aofi%2Ffmt%3Akev%3Amtx%3Actx&amp;req_dat=info%3Asid%2Fgale%3Augnid%3Alivuni&amp;res_id=info%3Asid%2Fgale%3ANCNP&amp;ctx_enc=info%3Aofi%3Aenc%3AUTF-8&amp;rft_val_fmt=info%3Aofi%2Ffmt%3Akev%3Amtx%3Ajournal&amp;rft.jtitle=Cherokee+Phoenix+%28New+Echota%2c+GA%29</subfield><subfield code="z">View this newspaper online via 19th Century U.S. Newspapers (1829 - 1834)</subfield></datafield><datafield ind1="4" ind2="0" tag="856"><subfield code="u">http://www.loc.gov/chroniclingamerica/lccn/sn83020874/issues</subfield></datafield></record>